@article{heston,
  title={A closed-form solution for options with stochastic volatility with applications to bond and currency options},
  author={Heston, Steven L},
  journal={Review of Financial Studies},
  volume={6},
  number={2},
  pages={327--343},
  year={1993},
  publisher={Soc Financial Studies}
}
@article{sundaresan2000continuous,
  title={Continuous-time methods in finance: A review and an assessment},
  author={Sundaresan, Suresh M},
  journal={The Journal of Finance},
  volume={55},
  number={4},
  pages={1569--1622},
  year={2000},
  publisher={Wiley Online Library}
}
@book{protterstochastic,
  title={Stochastic integration and differential equations},
  author={Protter, Philip E.},
  year={2005},
  publisher={Springer}
}
@article{pan2002jump,
  title={The jump-risk premia implicit in options: Evidence from an integrated time-series study},
  author={Pan, Jun},
  journal={Journal of financial economics},
  volume={63},
  number={1},
  pages={3--50},
  year={2002},
  publisher={Elsevier}
}
@article{johannes2009optimal,
  title={Optimal filtering of jump diffusions: Extracting latent states from asset prices},
  author={Johannes, Michael S and Polson, Nicholas G and Stroud, Jonathan R},
  journal={The Review of Financial Studies},
  volume={22},
  number={7},
  pages={2759--2799},
  year={2009},
  publisher={Society for Financial Studies}
}
@article{bates2006maximum,
  title={Maximum likelihood estimation of latent affine processes},
  author={Bates, David S},
  journal={The Review of Financial Studies},
  volume={19},
  number={3},
  pages={909--965},
  year={2006},
  publisher={Oxford University Press}
}
@article{christoffersen2010volatility,
  title={Volatility dynamics for the S\&P500: evidence from realized volatility, daily returns, and option prices},
  author={Christoffersen, Peter and Jacobs, Kris and Mimouni, Karim},
  journal={The Review of Financial Studies},
  volume={23},
  number={8},
  pages={3141--3189},
  year={2010},
  publisher={Oxford University Press}
}
@article{bardgett2014inferring,
  title={Inferring volatility dynamics and risk premia from the S\&P 500 and VIX markets},
  author={Bardgett, Chris and Gourier, Elise and Leippold, Markus},
  year={2014}
}

@article{ai2007maximum,
  title={Maximum likelihood estimation of stochastic volatility models},
  author={Ait-Sahalia, Yacine and Kimmel, Robert},
  journal={Journal of financial economics},
  volume={83},
  number={2},
  pages={413--452},
  year={2007},
  publisher={Elsevier}
}

@article{garcia2011estimation,
  title={Estimation of objective and risk-neutral distributions based on moments of integrated volatility},
  author={Garcia, Ren{\'e} and Lewis, Marc-Andr{\'e} and Pastorello, Sergio and Renault, {\'E}ric},
  journal={Journal of Econometrics},
  volume={160},
  number={1},
  pages={22--32},
  year={2011},
  publisher={Elsevier}
}